%%%%%%%%%%%%%%%%%%%%%%%%%%%%%%%%%%%%%%%%%%%%%%%%%%%%%%%%%%%%%%%%%%%%%%%%%
%%
%W  manual.bib        Cubefree documentation             Heiko Dietrich
%%
%H  $Id: manual.bib,v 1.4 2007/05/08 07:51:11 gap Exp $
%%

@manual{GAP4,
  key          = "GAP",
  organization = "The GAP~Group",
  title        = "{GAP -- Groups, Algorithms, and Programming, Version 4.4}",
  year         = 2005,
  note         = "\URL{http://www.gap-system.org}",
  keywords     = "groups; *; gap; manual",
}


@article{DiEi05,
     author  = {H. Dietrich and B. Eick},
     title   = {On the groups of cube-free order},
     journal = {J. Algebra},
     volume  = 292,
     year    = 2005,
     pages   = {122--137}},



@manual{Irredsol,
        author =       {B. Hoefling},
        title =        {Irredsol},
        note =         {A {GAP 4} package, see \cite{GAP4}},
        year =         {2000} },


@manual{GrpConst,
        author =       {H. U. Besche and B. Eick},
        title =        {GrpConst},
        note =         {A {GAP 4} package, see \cite{GAP4}},
        year =         {1999} },



@article{GlHo97,
     author  = {S. P. Glasby and R. B. Howlett},
     title   = {Writing representations over minimal fields},
     journal = {Comm. Alg.},
     volume  = 25,
     year    = 1997,
     pages   = {1703--1711}},

@article{FlOB05,
     author  = {D. L. Flannery and E. A. O'Brien},
     title   = {Linear groups of small degree over finite fields},
     journal = {Intern. J. Alg. Comput.},
     volume  = 15,
     year    = 2005,
     pages   = {467--502}},


@article{BeEia,
    author  = {H. U. Besche and B. Eick},
    title   = {Construction of finite groups},
    journal = {J. Symb. Comput.},
    volume  = {27},
    year    = 1999,
    pages   = {387--404}},

@article{BeEiO,
    author  = {H. U. Besche and B. Eick and E. A. O'Brien},
    title   = {A {M}illennium {P}roject: {C}onstructing small groups},
    journal = {Intern. J. Alg. and Comput.},
    volume  = {12},
    year    = 2002,
    pages   = {623--644}},

@article{BeEib,
    author  =  {H. U. Besche and B. Eick},
    title   =  {The groups of order at most 1000 except 512 and 768},
    journal = {J. Symb. Comput.},
    volume  = {27},
    year    = 1999,
    pages   ={405--413}},

@article{Hol93,
    author  =  {O. Hoelder},
    title   =  {Die {G}ruppen mit quadratfreier {O}rdnung},
    journal = {Nachr. Koenigl. Ges. Wiss. Goettingen Math.-Phys. K},
    volume  = {1},
    year    = 1895,
    pages   ={211--229}},

@article{Tau55,
    author  =  {D. R. Taunt},
    title   =  {Remarks on the {I}somorphism {P}roblem in {T}heories of {C}onstruction of finite {G}roups},
    journal = {Proc. Cambridge Philos. Soc.},
    volume  = {51},
    year    = 1955,
    pages   ={16--24}},



@mastersthesis{Di05,
     author  = {H. Dietrich},
     title   = {On the groups of cube-free order},
     school  = {TU Braunschweig},
     year    = 2005,
     type    = {Diploma thesis}}

